@article{Chudnovsky1999,
author = {Chudnovsky, D V and Chudnovsky, G V},
file = {:home/djoroya/Documentos/Software/GitHub/external/CONVADP---SHE/T1.2.5-Analisis-Teorico-discontinuidades/docs/biblio/CHUDNOVSKY and CHUDNOVSKY - Solution of the pulse width modulation problem using orthogonal polynomials and Korteweg-de Vries equations.pdf:pdf},
mendeley-groups = {SHE},
title = {{Solution of the pulse width modulation problem using orthogonal polynomials and Korteweg â€“ de Vries equations}},
year = {1999}
}
@article{Janabi2019,
author = {Janabi, Ameer and Member, Student and Wang, Bingsen and Member, Senior},
doi = {10.1109/TPEL.2019.2945684},
file = {:home/djoroya/Documentos/Software/GitHub/external/CONVADP---SHE/T1.2.5-Analisis-Teorico-discontinuidades/docs/biblio/JANABI, WANG and CZARKOWSKI - Generalized chudnovsky algorithm for real-time PWM selective harmonic elimination - modulation$\backslash$: two-level VSI example.pdf:pdf},
journal = {IEEE Transactions on Power Electronics},
mendeley-groups = {SHE},
number = {0885},
pages = {1},
publisher = {IEEE},
title = {{Generalized Chudnovsky Algorithm for Real-time PWM Selective Harmonic Elimination / Modulation : Two-Level VSI Example}},
volume = {PP},
year = {2019}
}
@article{Agelidis2010,
author = {Agelidis, Vassilios G},
file = {:home/djoroya/Documentos/Software/GitHub/external/CONVADP---SHE/T1.2.5-Analisis-Teorico-discontinuidades/docs/biblio/KONSTANTINOUS and AGELIDIS - Bipolar switching waveform$\backslash$: novel solution sets to the Selective Harmonic Elimination problem.pdf:pdf},
isbn = {9781424456970},
keywords = {Power Electronics},
mendeley-groups = {SHE},
pages = {696--701},
title = {{Bipolar Switching Waveform : Novel Solution Sets to the Selective Harmonic Elimination Problem}},
year = {2010}
}
@article{Patangia,
author = {Patangia, Hirak},
file = {:home/djoroya/Documentos/Software/GitHub/external/CONVADP---SHE/T1.2.5-Analisis-Teorico-discontinuidades/docs/biblio/PATANGIA and BHADRA - Design equations for selective harmonic elimination and microcontroller implementation.pdf:pdf},
keywords = {pwm},
mendeley-groups = {SHE},
publisher = {IEEE},
title = {{Design Equations for Selective Harmonic Elimination and Microcontroller Implementation}}
}
@article{Sun1996,
author = {Sun, Jian and Beineke, Stephan and Grotstollen, Horst},
file = {:home/djoroya/Documentos/Software/GitHub/external/CONVADP---SHE/T1.2.5-Analisis-Teorico-discontinuidades/docs/biblio/SUN, BEINEKE and GROTSOLLEN - Optimal PWM based on real-time solution of harmonic elimination equations.pdf:pdf},
mendeley-groups = {SHE},
number = {4},
pages = {612--621},
title = {{Optimal PWM Based on Real-Time Solution of Harmonic Elimination Equations}},
volume = {11},
year = {1996}
}
